@misc{RFP,
	title={{Canada's Next Generation Robotics - Request for Proposal}},
	author={MacDonald Dettwiler and Associates},
	year={2015}
}

@misc{HphyEML,
	title = {{Lagrange Points of the Earth-Moon System}},
	howpublished={\url{http://hyperphysics.phy-astr.gsu.edu/hbase/mechanics/lagpt.html}},
	note = {Accessed: 07 October 2015}
}

@misc{NASAcomm,
	title = {{Examination of Communication Delays on Team Performance: Utilizing the ISS as a Testbed for Analog Research}},
	author = {L.B. Leveton, K.E. Keeton, L.L. Schmidt, K.J. Slack, P. Baskin, R. Ploutz-Snyder, L. Palinkas},
	howpublished = {\url{http://ntrs.nasa.gov/archive/nasa/casi.ntrs.nasa.gov/20120007707.pdf}},
	note = {Accessed: 07 October 2015}
	
@misc{NASAauto,
	author = {Jeffrey J. Biesiadecki, P. Chris Leger, Mark W. Maimone},
	title = {{Tradeoffs Between Directed and Autonomous Driving on the Mars Exploration Rovers}},
	howpublished = {\url{https://www-robotics.jpl.nasa.gov/publications/Mark_Maimone/tradeoffs_ijrr_07.pdf}},
	note = {Accessed: 2015/09/22}
}

@misc{ERAjoint,
	author = {D. Verhoeven},
	title = {{Space Mechanisms and Tribology for the Joints of
the European Robot Arm (ERA)}},
	howpublished = {\url{http://www.esmats.eu/esmatspapers/pastpapers/pdfs/1999/verhoeven.pdf}},
	note{Accessed: 07 October 2015}
}

@misc{NASAsysreq_Kumar,
	author = {R. Kumar and R. Hayes},
	title = {{System Requirements and Design Features of Space Station Remote Manipulator System Mechanics}},
	howpublished = {\url{http://ntrs.nasa.gov/archive/nasa/casi.ntrs.nasa.gov/19910015291.pdf}},
	note{Accessed: 07 October 2015}
}

@misc{NASAEE_Mishkin,
	author = {A.H. Mishkin and B.M. Jau},
	title = {{Space-Based Multifunctional End Effector Systems}},
	howpublished = {\url{http://ntrs.nasa.gov/archive/nasa/casi.ntrs.nasa.gov/19890001866.pdf}},
	note{Accessed: 07 October 2015}
}

@misc{NASAinspect_Hayati,
	author = {S. Hayati, J. Balaram, H. Seraji, W. S. Kim, K. Tso and V. Prasad},
	title = {{Remote Surface Inspection System}},
	howpublished = {\url{http://ntrs.nasa.gov/archive/nasa/casi.ntrs.nasa.gov/19930022910.pdf}},
	note{Accessed: 07 October 2015}
}

@misc{NASA_outgassing,
	author = {NASA},
	title = {{Description of Outgassing Data Report}},
	howpublished = {\url{https://outgassing.nasa.gov/og_desc.html}},
	year = {1997},
	month = {October},
	note{Accessed: 07 October 2015}
}

@misc{FAA_radiation,
	author = {Federal Aviation Administration},
	title = {{The Space Environment}},
	howpublished = {\url{https://www.faa.gov/other_visit/aviation_industry/designees_delegations/designee_types/ame/media/Section%20III.4.1.2%20The%20Space%20Environment.pdf}},
	note{Accessed: 22 September 2015}
}

@misc{spacedesigntemp,
	author = {J. E. Keese},
	title = {{Spacecraft Thermal Control Systems}},
	howpublished = {\url{http://ocw.mit.edu/courses/aeronautics-and-astronautics/16-851-satellite-engineering-fall-2003/lecture-notes/l23thermalcontro.pdf}},
	note{Accessed: 05 October 2015}
}



@misc{,
	author = {},
	title = {{}},
	howpublished = {\url{}},
	note{Accessed: }
}


@misc{,
	author = {},
	title = {{}},
	howpublished = {\url{}},
	note{Accessed: }
}

@misc{Marscomm,
	author = {AstroSurf.com},
	title = {{Space Communications with Mars}},
	howpublished = {\url{http://www.astrosurf.com/luxorion/qsl-mars-communication3.htm}},
	note{Accessed: 07 October 2015}
}

@misc{roboserve,
	author = {F. Morring, Jr. },
	title = {{Robotic Servicing Seen As Beneficial For Human Exploration}},
	howpublished = {\url{http://aviationweek.com/awin/robotic-servicing-seen-beneficial-human-exploration}},
	note{Accessed: 07 October 2015}
}




@misc{FAA,
	author = {Federal Aviation Administration},
	title = {{The Space Environment}},
	howpublished = {\url{https://www.faa.gov/other_visit/aviation_industry/designees_delegations/designee_types/ame/media/Section\%20III.4.1.2\%20The\%20Space\%20Environment.pdf}},
	note = {Accessed: 2015/09/22}
}

@misc{ULA,
	author={F.Zegler and B. Kutter},
	title={{Evolving to a Depot-Based Space Transportation Architecture}},
	year={2010}
}

@article{CADR1,
	author={Garry Lindberg},
	title={{Canadarm and its U of A Connections}},
	journal={U of A Engineer Magazine (University of Alberta)},
	year={},
	volume={}
}

@misc{moonfacts,
	author = {National Aeronautics and Space Administration},
	title = {{Moon Fact Sheet}},
	howpublished = {\url{http://nssdc.gsfc.nasa.gov/planetary/factsheet/moonfact.html}},
	note = {Accessed: 2015/09/22}
}

@misc{mars,
	author = {MarsNew.com},
	title = {{The Planet Mars}},
	howpublished = {\url{http://marsnews.com/the-planet-mars}},
	note = {Accessed: 2015/09/22}
}

@article{rob_sys,
	author={National Aeronautics and Space Administration},
	number={TA 4},
	title={{Robotics and Autonomous Systems}},
	year={2015}
}

@article{safety_issues,
	author={Milos Vasic and Aude Billard},
	title={{Safety Issues in Human-Robot Interactions}},
	year={2013}
}

@article{ISS_ass,
	author={National Aeronautics and Space Administration},
	title={{Space Station Assembly}},
	year={2013}
}

@misc{MDA_Carm2,
	author={MacDonald Dettwiler and Associates},
	title={{Canadarm2 End Effector}},
	howpublished = {\url{http://is.mdacorporation.com/mdais_canada/Offerings/Offerings_Canadarm2lee.aspx}},
	year={2012}
	note = {Accessed: 2015/09/22}
}

@misc{IEEE_Carm,
	author={MacDonald Dettwiler and Associates},
	title={{The Shuttle Remote Manipulator System - The Canadarm}},
	howpublished = {\url{http://www.ieee.ca/millennium/canadarm/canadarm_technical.html}},
	note = {Accessed: 2015/09/22}
}